<record><leader>00000cas a22000007a 4500</leader><controlfield tag="001">31417642</controlfield><controlfield tag="008">941107d1869187umaumr ne      0    0eng d</controlfield><datafield ind1=" " ind2=" " tag="010"><subfield code="a">sn 94055934 </subfield></datafield><datafield ind1=" " ind2=" " tag="040"><subfield code="a">MGN</subfield><subfield code="b">eng</subfield><subfield code="c">MGN</subfield><subfield code="d">OCLCQ</subfield></datafield><datafield ind1=" " ind2=" " tag="042"><subfield code="a">msc</subfield></datafield><datafield ind1="0" ind2=" " tag="130"><subfield code="a">Business advertiser (Lynn, Mass.)</subfield></datafield><datafield ind1="1" ind2="0" tag="245"><subfield code="a">Business advertiser.</subfield></datafield><datafield ind1="1" ind2="3" tag="246"><subfield code="a">Lynn business advertiser</subfield></datafield><datafield ind1=" " ind2=" " tag="260"><subfield code="a">Lynn [Mass.] :</subfield><subfield code="b">Mark A. Torrey</subfield></datafield><datafield ind1=" " ind2=" " tag="300"><subfield code="a">v.</subfield></datafield><datafield ind1=" " ind2=" " tag="310"><subfield code="a">Monthly</subfield></datafield><datafield ind1="0" ind2=" " tag="362"><subfield code="a">Vol. 1, no. 3 (Dec. 1869)-</subfield></datafield><datafield ind1=" " ind2=" " tag="752"><subfield code="a">United States</subfield><subfield code="b">Massachusetts</subfield><subfield code="c">Essex</subfield><subfield code="d">Lynn.</subfield></datafield><datafield ind1=" " ind2=" " tag="752"><subfield code="a">United States</subfield><subfield code="b">Massachusetts</subfield><subfield code="c">Suffolk</subfield><subfield code="d">Boston.</subfield></datafield><datafield ind1="0" ind2="0" tag="780"><subfield code="t">General advertiser (Lynn, Mass.)</subfield><subfield code="w">(DLC)sn 94055933</subfield></datafield></record>